@book{koza92,
		author    = "Koza, John R.",
		title     = "Genetic Programming: On the Programming of Computers by Means of Natural Selection",
		publisher = "MIT Press",
		year      = "1992"
}



@misc{ wiki:api,
       author = "Ticbeat",
       title = "API --- ¿Qué es una API y para qué sirve?",
       url = "http://www.ticbeat.com/tecnologias/que-es-una-api-para-que-sirve/title=LaTeX&oldid=84209252",
       urldate = "{12-7-2014}",
	   note = "[Internet; descargado 23-febrero-2017]"
}

@misc{ wiki:rest,
       author = "BBVAopen4u",
       title = "API REST -- qué es y cuáles son sus ventajas en el desarrollo de proyectos",
       url = "https://bbvaopen4u.com/es/actualidad/api-rest-que-es-y-cuales-son-sus-ventajas-en-el-desarrollo-de-proyectos",
       urldate = "{23-3-2016}",
	   note = "[Internet; descargado 23-febrero-2017]"
}

@misc{ wiki:soap,
       author = "Wikipedia",
       title = "SOAP --- Wikipedia{,} La enciclopedia libre",
       url = "https://es.wikipedia.org/wiki/Simple_Object_Access_Protocol",
       urldate = "{10-5-2017}",
	   note = "[Internet; descargado 23-febrero-2017]"
}

@misc{ wiki:soap2,
       author = "DesarroloWeb",
       title = "SOAP -- SOAP. Simple Object Access Protocol",
       url = "https://desarrolloweb.com/articulos/1853.php",
       urldate = "{3-3-2005}",
	   note = "[Internet; descargado 23-febrero-2017]"
}

@misc{ wiki:rest2,
       author = "Wikipedia",
       title = "Rest --- Wikipedia{,} La enciclopedia libre",
       url = "https://es.wikipedia.org/wiki/Transferencia_de_Estado_Representacional",
       urldate = "{25-4-2017}",
	   note = "[Internet; descargado 23-febrero-2017]"
}

@misc{ wiki:php2,
       author = "Wikipedia",
       title = "PHP --- Wikipedia{,} La enciclopedia libre",
       url = "https://es.wikipedia.org/wiki/PHP",
       urldate = "{29-4-2017}",
	   note = "[Internet; descargado 2-marzo-2017]"
}
@misc{ wiki:php,
       author = "PHP",
       title = "PHP -- ¿Qué es PHP?",
       url = "http://php.net/manual/es/intro-whatis.php",
	   note = "[Internet; descargado 2-marzo-2017]"
}
@misc{ wiki:json,
       author = "JSON",
       title = "JSON -- Introducción a JSON",
       url = "http://www.json.org/json-es.html",
	   note = "[Internet; descargado 2-marzo-2017]"
}

@misc{ wiki:json2,
       author = "Wikipedia",
       title = "JSON --- Wikipedia{,} La enciclopedia libre",
       url = "https://es.wikipedia.org/wiki/JSON",
       urldate = "{8-5-2017}",
	   note = "[Internet; descargado 2-marzo-2017]"
}

@misc{ wiki:xampp,
       author = "Wikipedia",
       title = "XAMPP --- Wikipedia{,} La enciclopedia libre",
       url = "https://es.wikipedia.org/wiki/XAMPP",
       urldate = "{28-3-2017}",
	   note = "[Internet; descargado 2-marzo-2017]"
}
@misc{ wiki:github,
       author = "Wikipedia",
       title = "GitHub --- Wikipedia{,} La enciclopedia libre",
       url = "https://es.wikipedia.org/wiki/GitHub",
       urldate = "{2-5-2017}",
	   note = "[Internet; descargado 2-marzo-2017]"
}

@misc{ wiki:tortoisesvn,
       author = "Wikipedia",
       title = "TortoiseSVN --- Wikipedia{,} La enciclopedia libre",
       url = "https://es.wikipedia.org/wiki/TortoiseSVN",
       urldate = "{2-3-2017}",
	   note = "[Internet; descargado 2-marzo-2017]"
}

@misc{ wiki:retrofit,
       author = "SQUARE",
       title = "Retrofit --- A type-safe HTTP client for Android and Java",
       url = "http://square.github.io/retrofit/",
	   note = "[Internet; descargado 4-mayo-2017]"
}
@misc{ wiki:volley,
       author = "Google",
       title = "Volley --- Volley is an HTTP library",
       url = "https://github.com/google/volley",
	   note = "[Internet; descargado 4-mayo-2017]"
}

@misc{ wiki:gson,
       author = "Google",
       title = "GSON --- google-gson",
       url = "https://github.com/google/gson",
	   note = "[Internet; descargado 4-mayo-2017]"
}

@misc{ wiki:scrum,
       author = "Wikipedia",
       title = "SCRUM --- Wikipedia{,} La enciclopedia libre",
       url = "https://es.wikipedia.org/wiki/Scrum_(desarrollo_de_software)",
       urldate = "{27-4-2017}",
	   note = "[Internet; descargado 2-marzo-2017]"
}








@article{bortolot2005,
  title={Estimating forest biomass using small footprint LiDAR data: An individual tree-based approach that incorporates training data},
  author={Bortolot, Zachary J and Wynne, Randolph H},
  journal={ISPRS Journal of Photogrammetry and Remote Sensing},
  volume={59},
  number={6},
  pages={342--360},
  year={2005},
  publisher={Elsevier}
}

