@misc{ wiki:phpdoc,
       author = "PHP",
       title = "PHP --- Referencia del lenguaje",
       url = {http://uk1.php.net/manual/es/langref.php},
       note = "[Internet; descargado 29-marzo-2015]"
}

@misc{ wiki:cakephp,
       author = "CakePhp",
       title = "CakePhp --- CakePHP Cookbook",
       url = {https://cakephp.org/},
       note = "[Internet; descargado 29-marzo-2015]"
}

@misc{ wiki:laravel,
       author = "Laravel",
       title = "Laravel --- Love beautiful code? We do too.",
       url = {https://laravel.com/},
       note = "[Internet; descargado 29-marzo-2015]"
}

@misc{ wiki:symphony,
       author = "Symphony",
       title = "Symphony --- THE PLATFORM THAT POWERS WORK",
       url = {https://symphony.com/},
       note = "[Internet; descargado 29-marzo-2015]"
}
@misc{ wiki:slim,
       author = "Slim",
       title = "Slim --- Slim is a PHP micro framework",
       url = "https://www.slimframework.com/",
       note = "[Internet; descargado 29-marzo-2015]"
}

@misc{ wiki:astudio,
       author = "Wikipedia",
       title = "Android Studio --- Wikipedia{,} La enciclopedia libre",
       year = "2017",
       url = {https://es.wikipedia.org/w/index.php?title=Android_Studio&oldid=99905889},
       note = "[Internet; descargado
21-junio-2017
]"}


@misc{ wiki:moodle,
       author = "Wikipedia",
       title = "Moodle --- Wikipedia{,} La enciclopedia libre",
       year = "2017",
       url = {https://es.wikipedia.org/w/index.php?title=Moodle&oldid=99855535},
note = "[Internet; descargado
21-junio-2017
]"
}


@misc{ wiki:tortoisegit,
   author = "TortoiseGit",
   title = "TortoiseGit --- The Power of Git –
in a Windows Shell",
   year = "2017",
   url = {https://tortoisegit.org/},
note = "[Online; accessed
27-June-2017
]"
 }


@misc{ wiki:xampp,
       author = "Wikipedia",
       title = "XAMPP --- Wikipedia{,} La enciclopedia libre",
       year = "2017",
       url = {https://es.wikipedia.org/w/index.php?title=XAMPP&oldid=99919164},
note = "[Internet; descargado
21-junio-2017
]"
}

@misc{ wiki:mest,
       author = "Lavanguardia",
       title = "Moodle --- El australiano que cambió la forma de aprender en todo el mundo",
       url = {http://www.lavanguardia.com/vida/20160401/40813172673/martin-dougiamas-moodle-universitat-vict-doctor-honoris-causa-agora-barcelona-tencologia-software-libre.html},
       urldate = "{1-4-2016}",
	   note = "[Internet; descargado 2-marzo-2017]"
}

@misc{ wiki:moodlestas,
       author = "Moodle",
       title = "Moodle --- Moodle Statistics",
       url = {https://moodle.net/stats/},
	   note = "[Internet; descargado 2-marzo-2017]"
}
@misc{ wiki:book,
       author = "Google",
       title = "Android --- Android. Guía De Desarrollo De Aplicaciones Para Smartphones Y Tabletas - 2ª Edición",
       url = {https://www.amazon.es/Android-Desarrollo-Aplicaciones-Smartphones-Tabletas/dp/2746092298},
	   note = "[Internet; descargado 2-marzo-2017]"
}
@misc{ wiki:liccom,
       author = "Wikijuegos",
       title = "Licencia comercial --- definición",
       url = {http://es.videojuegos.wikia.com/wiki/Licencia_comercial},
	   note = "[Internet; descargado 2-marzo-2017]"
}
@misc{ wiki:androidlic,
       author = "Google",
       title = "Licencia comercial --- App Licensing",
       url = {https://developer.android.com/google/play/licensing/index.html},
	   note = "[Internet; descargado 2-marzo-2017]"
}


