@misc{ wiki:api,
       author = "Wikipedia",
       title = "Interfaz de programación de aplicaciones --- Wikipedia{,} La enciclopedia libre",
       year = "2017",
       url = {https://es.wikipedia.org/w/index.php?title=Interfaz_de_programaci%C3%B3n_de_aplicaciones&oldid=97439557},
note = "[Internet; descargado 27-junio-2017 ]"
}

@misc{ wiki:lti,
       author = "IMS GLOBAL",
       title = "IMS GLOBAL --- Learning Tools Interoperability® Background",
       year = "2016",
       url = {https://www.imsglobal.org/activity/learning-tools-interoperability},
note = "[Internet; descargado
27-junio-2017
]"
}

@misc{ wiki:espressoYouTube,
       author = "Android Developers",
       title = "Android Developers --- Android Testing Support - Android Testing Patterns",
       url = {https://www.youtube.com/watch?v=W8LJjfkTKik&list=PLWz5rJ2EKKc-6HWg_jyP0U1zrVLHn65b2},
	   note = "[Internet; descargado 22-junio-2017]"
}

@misc{ wiki:monkey,
       author = "Android Studio",
       title = "Android Studio --- UI/Application Exerciser Monkeys",
       url = {https://developer.android.com/studio/test/monkey.html},
	   note = "[Internet; descargado 22-junio-2017]"
}

@misc{ wiki:bigwebquiz,
       author = "Google Creative Lab",
       title = "Big Web Quiz --- Big Web Quiz brings trivia night to your TV!",
       url = {https://play.google.com/store/apps/details?id=com.google.android.apps.bigwebquiz.app.prod&hl=es},
	   note = "[Internet; descargado 22-junio-2017]"
}


@misc{ wiki:rest,
       author = "BBVAopen4u",
       title = "API REST -- qué es y cuáles son sus ventajas en el desarrollo de proyectos",
       url = {https://bbvaopen4u.com/es/actualidad/api-rest-que-es-y-cuales-son-sus-ventajas-en-el-desarrollo-de-proyectos},
       urldate = "{23-3-2016}",
	   note = "[Internet; descargado 23-febrero-2017]"
}


@misc{ wiki:soap,
       author = "Wikipedia",
       title = "Simple Object Access Protocol --- Wikipedia{,} La enciclopedia libre",
       year = "2017",
       url = {https://es.wikipedia.org/w/index.php?title=Simple_Object_Access_Protocol&oldid=99018786},
note = "[Internet; descargado
22-junio-2017
]"
}

@misc{ wiki:soap2,
       author = "DesarroloWeb",
       title = "SOAP -- SOAP. Simple Object Access Protocol",
       url = {https://desarrolloweb.com/articulos/1853.php},
       urldate = "{3-3-2005}",
	   note = "[Internet; descargado 23-febrero-2017]"
}


@misc{ wiki:rest2,
       author = "Wikipedia",
       title = "Transferencia de Estado Representacional --- Wikipedia{,} La enciclopedia libre",
       year = "2017",
       url = {https://es.wikipedia.org/w/index.php?title=Transferencia_de_Estado_Representacional&oldid=99334337},
note = "[Internet; descargado
22-junio-2017
]"
}


@misc{ wiki:php2,
       author = "Wikipedia",
       title = "PHP --- Wikipedia{,} La enciclopedia libre",
       year = "2017",
       url = {https://es.wikipedia.org/w/index.php?title=PHP&oldid=99804274},
note = "[Internet; descargado
22-junio-2017
]"
}

@misc{ wiki:php,
       author = "PHP",
       title = "PHP -- ¿Qué es PHP?",
       url = {http://php.net/manual/es/intro-whatis.php},
	   note = "[Internet; descargado 2-marzo-2017]"
}
@misc{ wiki:json,
       author = "JSON",
       title = "JSON -- Introducción a JSON",
       url = {http://www.json.org/json-es.html},
	   note = "[Internet; descargado 2-marzo-2017]"
}

@misc{ wiki:json2,
       author = "Wikipedia",
       title = "JSON --- Wikipedia{,} La enciclopedia libre",
       year = "2017",
       url = {https://es.wikipedia.org/w/index.php?title=JSON&oldid=99853092},
note = "[Internet; descargado
22-junio-2017
]"
}

@misc{ wiki:xampp,
       author = "Wikipedia",
       title = "XAMPP --- Wikipedia{,} La enciclopedia libre",
       year = "2017",
       url = {https://es.wikipedia.org/w/index.php?title=XAMPP&oldid=99919164},
note = "[Internet; descargado
22-junio-2017
]"
}

@misc{ wiki:github,
       author = "Wikipedia",
       title = "GitHub --- Wikipedia{,} La enciclopedia libre",
       year = "2017",
       url = {https://es.wikipedia.org/w/index.php?title=GitHub&oldid=98817555},
note = "[Internet; descargado
22-junio-2017
]"
}

@misc{ wiki:tortoisegit,
   author = "TortoiseGit",
   title = "TortoiseGit --- The Power of Git –
in a Windows Shell",
   year = "2017",
   url = {https://tortoisegit.org/},
note = "[Online; accessed
27-June-2017
]"
 }


@misc{ wiki:retrofit,
       author = "SQUARE",
       title = "Retrofit --- A type-safe HTTP client for Android and Java",
       url = {http://square.github.io/retrofit/},
	   note = "[Internet; descargado 4-mayo-2017]"
}
@misc{ wiki:volley,
       author = "Google",
       title = "Volley --- Volley is an HTTP library",
       url = {https://github.com/google/volley},
	   note = "[Internet; descargado 4-mayo-2017]"
}

@misc{ wiki:gson,
       author = "Google",
       title = "GSON --- google-gson",
       url = {https://github.com/google/gson},
	   note = "[Internet; descargado 4-mayo-2017]"
}

@misc{ wiki:aresrclient,
       author = "Google",
       title = "Advanced REST Client --- ChromeRestClient",
       url = {https://github.com/jarrodek/ChromeRestClient},
	   note = "[Internet; descargado 21-junio-2017]"
}

@misc{ wiki:postman,
       author = "PostMan",
       title = "PostMan",
       url = {https://github.com/postmanlabs/postman-app-support},
	   note = "[Internet; descargado 21-junio-2017]"
}

@misc{ wiki:espresso,
       author = "Google",
       title = "Espresso --- Testing UI for a Single App",
       url = {https://developer.android.com/training/testing/ui-testing/espresso-testing.html},
	   note = "[Internet; descargado 21-junio-2017]"
}

@misc{ wiki:scrum,
       author = "DocPlayer",
       title = "DocPlayer --- Scrum Manager. Gestión de proyectos Rev. 1.4",
       year = "2017",
       url = {http://docplayer.es/1449776-Scrum-manager-gestion-de-proyectos-rev-1-4.html},
note = "[Internet; descargado
22-junio-2017
]"
}

@misc{ wiki:phpunit2,
       author = "Symfony Madrid",
       title = "Symfony Madrid --- Breve Introducción a PHPUnit",
       year = "2017",
       url = {https://www.youtube.com/watch?v=CZ15irnqpxE},
note = "[Internet; descargado
22-junio-2017
]"
}


@misc{ wiki:book,
       author = "Google",
       title = "Android --- Android. Guía De Desarrollo De Aplicaciones Para Smartphones Y Tabletas - 2ª Edición",
       url = {https://www.amazon.es/Android-Desarrollo-Aplicaciones-Smartphones-Tabletas/dp/2746092298},
	   note = "[Internet; descargado 2-marzo-2017]"
}

@misc{ wiki:phpdoc,
       author = "PHP",
       title = "PHP --- Referencia del lenguaje",
       url = {http://uk1.php.net/manual/es/langref.php},
	   note = "[Internet; descargado 16-mayo-2017]"
}

@misc{ wiki:phpcourse,
       author = "Codejobs",
       title = "PHP --- Curso: Aprende PHP desde cero HD",
       url = {https://www.youtube.com/watch?v=89f9vC4hZh8&t=787s},
	   note = "[Internet; descargado 16-mayo-2017]"
}
@misc{ wiki:zenhub,
       author = "ZenHub",
       title = "ZenHub",
       url = {https://www.zenhub.com/product},
	   note = "[Internet; descargado 21-junio-2017]"
}

@misc{ wiki:phpStorm,
   author = "Wikipedia",
   title = "PhpStorm --- Wikipedia{,} The Free Encyclopedia",
   year = "2017",
   url = {https://en.wikipedia.org/w/index.php?title=PhpStorm&oldid=784359638},
note = "[Online; accessed
22-June-2017
]"
 }
 
 @misc{ wiki:notepad++,
   author = "Wikipedia",
   title = "Notepad++ --- Wikipedia{,} The Free Encyclopedia",
   year = "2017",
   url = {https://en.wikipedia.org/w/index.php?title=Notepad%2B%2B&oldid=786845183},
note = "[Online; accessed
22-June-2017
]"
 }


@misc{ wiki:lms,
       author = "Wikipedia",
       title = "Sistema de gestión de aprendizaje --- Wikipedia{,} La enciclopedia libre",
       year = "2017",
       url = {https://es.wikipedia.org/w/index.php?title=Sistema_de_gesti%C3%B3n_de_aprendizaje&oldid=99344842},
note = "[Internet; descargado
22-junio-2017
]"
}

@misc{ wiki:java,
       author = "Wikipedia",
       title = "Java (lenguaje de programación) --- Wikipedia{,} La enciclopedia libre",
       year = "2017",
       url = {https://es.wikipedia.org/w/index.php?title=Java_(lenguaje_de_programaci%C3%B3n)&oldid=99778339},
note = "[Internet; descargado
22-junio-2017
]"
}

@misc{ wiki:moodle,
       author = "Wikipedia",
       title = "Moodle --- Wikipedia{,} La enciclopedia libre",
       year = "2017",
       url = {https://es.wikipedia.org/w/index.php?title=Moodle&oldid=99855535},
note = "[Internet; descargado
22-junio-2017
]"
}

@misc{ wiki:phpunit,
       author = "Wikipedia",
       title = "PHPUnit --- Wikipedia{,} La enciclopedia libre",
       year = "2016",
       url = {https://es.wikipedia.org/w/index.php?title=PHPUnit&oldid=89669740},
note = "[Internet; descargado
22-junio-2017
]"
}

@misc{ wiki:sonarqube,
       author = "Wikipedia",
       title = "SonarQube --- Wikipedia{,} La enciclopedia libre",
       year = "2017",
       url = {https://es.wikipedia.org/w/index.php?title=SonarQube&oldid=98980020},
note = "[Internet; descargado
22-junio-2017
]"
}

@misc{ wiki:staruml,
   author = "Wikipedia",
   title = "StarUML --- Wikipedia{,} The Free Encyclopedia",
   year = "2017",
   url = {https://en.wikipedia.org/w/index.php?title=StarUML&oldid=774075865},
note = "[Online; accessed
22-June-2017
]"
 }
 
 
 @misc{ wiki:astah,
   author = "Wikipedia",
   title = "Astah* --- Wikipedia{,} The Free Encyclopedia",
   year = "2016",
   url = {https://en.wikipedia.org/w/index.php?title=Astah*&oldid=749397298},
note = "[Online; accessed
22-June-2017
]"
 }
 
 @misc{ wiki:junit,
       author = "Wikipedia",
       title = "JUnit --- Wikipedia{,} La enciclopedia libre",
       year = "2015",
       url = {https://es.wikipedia.org/w/index.php?title=JUnit&oldid=79868227},
note = "[Internet; descargado
22-junio-2017
]"
}